[gd_scene load_steps=26 format=2]

[ext_resource path="res://actor/enemy/model/robot.dae" type="PackedScene" id=1]
[ext_resource path="res://actor/enemy/model/AVColor.material" type="Material" id=2]

[sub_resource type="AnimationNodeBlendTree" id=1]


[sub_resource type="AnimationNodeAnimation" id=2]

animation = "attack-end"

[sub_resource type="AnimationNodeAnimation" id=3]

animation = "idle"

[sub_resource type="AnimationNodeOneShot" id=4]

autorestart_random_delay = 7.70714e-44

[sub_resource type="AnimationNodeBlendTree" id=5]

graph_offset = Vector2( -246, 75.5 )
nodes/Animation/node = SubResource( 3 )
nodes/Animation/position = Vector2( -100, 240 )
"nodes/Animation 2/node" = SubResource( 2 )
"nodes/Animation 2/position" = Vector2( -200, 100 )
nodes/OneShot/node = SubResource( 4 )
nodes/OneShot/position = Vector2( 120, 120 )
nodes/output/position = Vector2( 380, 100 )
node_connections = [ "output", 0, "OneShot", "OneShot", 0, "Animation 2", "OneShot", 1, "Animation" ]

[sub_resource type="AnimationNodeAnimation" id=6]

animation = "attack"

[sub_resource type="AnimationNodeAnimation" id=7]

animation = "attack-begin"

[sub_resource type="AnimationNodeAnimation" id=8]

animation = "idle"

[sub_resource type="AnimationNodeOneShot" id=9]

autorestart_random_delay = 8.56075e-32

[sub_resource type="AnimationNodeAnimation" id=10]

animation = "idle"

[sub_resource type="AnimationNodeAnimation" id=11]

animation = "run"

[sub_resource type="AnimationNodeBlendTree" id=12]

graph_offset = Vector2( -62, 18 )
nodes/OneShot/node = SubResource( 9 )
nodes/OneShot/position = Vector2( 280, 80 )
nodes/fromidle/node = SubResource( 10 )
nodes/fromidle/position = Vector2( 20, 80 )
nodes/output/position = Vector2( 500, 100 )
nodes/torun/node = SubResource( 11 )
nodes/torun/position = Vector2( 0, 200 )
node_connections = [ "output", 0, "OneShot", "OneShot", 0, "fromidle", "OneShot", 1, "torun" ]

[sub_resource type="AnimationNodeAnimation" id=13]

animation = "run"

[sub_resource type="AnimationNodeStateMachineTransition" id=14]


[sub_resource type="AnimationNodeStateMachineTransition" id=15]

switch_mode = 2
auto_advance = true

[sub_resource type="AnimationNodeStateMachineTransition" id=16]


[sub_resource type="AnimationNodeStateMachineTransition" id=17]


[sub_resource type="AnimationNodeStateMachineTransition" id=18]


[sub_resource type="AnimationNodeStateMachineTransition" id=19]


[sub_resource type="AnimationNodeStateMachineTransition" id=20]

switch_mode = 2
auto_advance = true

[sub_resource type="AnimationNodeStateMachineTransition" id=21]

switch_mode = 1
auto_advance = true

[sub_resource type="AnimationNodeStateMachine" id=22]

states/BlendTree/node = SubResource( 1 )
states/BlendTree/position = Vector2( 130, 165 )
states/attack/node = SubResource( 7 )
states/attack/position = Vector2( 379, 148 )
states/attack-end/node = SubResource( 5 )
states/attack-end/position = Vector2( -43, 56 )
states/attack-loop/node = SubResource( 6 )
states/attack-loop/position = Vector2( 338, 261 )
states/idle/node = SubResource( 8 )
states/idle/position = Vector2( 130, 44 )
states/run/node = SubResource( 12 )
states/run/position = Vector2( 290, 29 )
states/running/node = SubResource( 13 )
states/running/position = Vector2( 453, 44 )
transitions = [ "idle", "run", SubResource( 14 ), "run", "running", SubResource( 15 ), "running", "run", SubResource( 16 ), "run", "idle", SubResource( 17 ), "run", "attack", SubResource( 18 ), "running", "attack", SubResource( 19 ), "attack", "attack-loop", SubResource( 20 ), "attack-end", "idle", SubResource( 21 ) ]
start_node = "idle"
graph_offset = Vector2( -239, -29 )

[sub_resource type="AnimationNodeStateMachinePlayback" id=23]


[node name="robot" instance=ExtResource( 1 )]

[node name="mesh_robot003" parent="rig/Skeleton" index="0"]
material/0 = ExtResource( 2 )

[node name="blend" type="AnimationTree" parent="." index="2"]
tree_root = SubResource( 22 )
anim_player = NodePath("../anim")
active = true
parameters/playback = SubResource( 23 )
parameters/attack-end/OneShot/active = false
parameters/run/OneShot/active = true

